<marcxml:record xmlns:xlink="http://www.w3.org/1999/xlink" xmlns:marcxml="http://www.loc.gov/MARC21/slim" xmlns:mets="http://www.loc.gov/METS/" xmlns:mxe="http://www.loc.gov/mxe" xmlns:rdf="http://www.w3.org/1999/02/22-rdf-syntax-ns#" xmlns:rdfs="http://www.w3.org/2000/01/rdf-schema#" xmlns:skos="http://www.w3.org/2004/02/skos/core#" xmlns:madsrdf="http://www.loc.gov/mads/rdf/v1#" xmlns:ri="http://id.loc.gov/ontologies/RecordInfo#" xmlns:sem="http://marklogic.com/semantics">
  <marcxml:leader>00890nz  a2200145n  4500</marcxml:leader>
  <marcxml:controlfield tag="001">nr2007012215</marcxml:controlfield>
  <marcxml:controlfield tag="003">DLC</marcxml:controlfield>
  <marcxml:controlfield tag="005">20070718075328.0</marcxml:controlfield>
  <marcxml:controlfield tag="008">070712n| acannaabn          |a ana     c</marcxml:controlfield>
  <marcxml:datafield tag="010" ind1=" " ind2=" ">
    <marcxml:subfield code="a">nr2007012215</marcxml:subfield>
  </marcxml:datafield>
  <marcxml:datafield tag="040" ind1=" " ind2=" ">
    <marcxml:subfield code="a">NNFr</marcxml:subfield>
    <marcxml:subfield code="b">eng</marcxml:subfield>
    <marcxml:subfield code="c">NNFr</marcxml:subfield>
  </marcxml:datafield>
  <marcxml:datafield tag="110" ind1="2" ind2=" ">
    <marcxml:subfield code="a">Monastero dei Santi Quattro Coronati (Rome, Italy)</marcxml:subfield>
  </marcxml:datafield>
  <marcxml:datafield tag="410" ind1="2" ind2=" ">
    <marcxml:subfield code="a">Monastero dei Ss. Quattro Coronati (Rome, Italy)</marcxml:subfield>
  </marcxml:datafield>
  <marcxml:datafield tag="670" ind1=" " ind2=" ">
    <marcxml:subfield code="a">Gli affreschi dell'aula gotica nel Monastero dei Santi Quattro Coronati, c2006:</marcxml:subfield>
    <marcxml:subfield code="b">p. 22 (Roma, monastero dei Santi Quattro Coronati) p. 18 (Roma, Complesso dei Santi Quattro Coronati, monastero) p. 20 (Complesso dei Santi Quattro Coronati, basilica) p. 391 (Complesso della chiesa e del convento dei Santi Quattro Coronati)</marcxml:subfield>
  </marcxml:datafield>
  <marcxml:datafield tag="670" ind1=" " ind2=" ">
    <marcxml:subfield code="a">Santi Quattro Coronati WWW Site, July 16, 2007</marcxml:subfield>
    <marcxml:subfield code="b">(monastero dei Ss. Quattro Coronati; complesso ecclesiastico dei Ss. Quattro Coronati a Roma; monastery complex of Ss. Quattro Coronati in Rome)</marcxml:subfield>
  </marcxml:datafield>
</marcxml:record>
